@article{Tolaney2015,
    author =    {Tolaney, Sara M and William T. Barry and T. Dang Chau and others},
    title =     {Adjuvant Paclitaxel and Trastuzumab for Node-Negative, HER2-Positive Breast Cancer},
    journal =   {New England Journal of Medicine},
    volume =    {372},
    pages =     {134-141},
    year =      {2015},
    url =       {http://www.nejm.org/doi/full/10.1056/NEJMoa1406281}
}
